@article{SARAH4,
      author         = "Staub, Florian",
      title          = "{SARAH 4 : A tool for (not only SUSY) model builders}",
      journal        = "Comput. Phys. Commun.",
      volume         = "185",
      year           = "2014",
      pages          = "1773-1790",
      doi            = "10.1016/j.cpc.2014.02.018",
      eprint         = "1309.7223",
      archivePrefix  = "arXiv",
      primaryClass   = "hep-ph",
      reportNumber   = "BONN-TH-2013-17",
      SLACcitation   = "%%CITATION = ARXIV:1309.7223;%%"
}, 
@article{SARAH,
      author         = "Staub, F.",
      title          = "{SARAH}",
      year           = "2008",
      eprint         = "0806.0538",
      archivePrefix  = "arXiv",
      primaryClass   = "hep-ph",
      SLACcitation   = "%%CITATION = ARXIV:0806.0538;%%"
},
@article{pyrate,
      author         = "Lyonnet, F. and Schienbein, I. and Staub, F. and
                        Wingerter, A.",
      title          = "{PyR@TE: Renormalization Group Equations for General
                        Gauge Theories}",
      journal        = "Comput. Phys. Commun.",
      volume         = "185",
      year           = "2014",
      pages          = "1130-1152",
      doi            = "10.1016/j.cpc.2013.12.002",
      eprint         = "1309.7030",
      archivePrefix  = "arXiv",
      primaryClass   = "hep-ph",
      reportNumber   = "LPSC-13-203, BONN-TH-15",
      SLACcitation   = "%%CITATION = ARXIV:1309.7030;%%"
},
@article{pyrate2,
      author         = "Lyonnet, Florian and Schienbein, Ingo",
      title          = "{PyR@TE 2: A Python tool for computing RGEs at two-loop}",
      journal        = "Comput. Phys. Commun.",
      volume         = "213",
      year           = "2017",
      pages          = "181-196",
      doi            = "10.1016/j.cpc.2016.12.003",
      eprint         = "1608.07274",
      archivePrefix  = "arXiv",
      primaryClass   = "hep-ph",
      SLACcitation   = "%%CITATION = ARXIV:1608.07274;%%"
},
@article{MV1,
      author         = "Machacek, Marie E. and Vaughn, Michael T.",
      title          = "{Two Loop Renormalization Group Equations in a General
                        Quantum Field Theory. 1. Wave Function Renormalization}",
      journal        = "Nucl. Phys.",
      volume         = "B222",
      year           = "1983",
      pages          = "83-103",
      doi            = "10.1016/0550-3213(83)90610-7",
      reportNumber   = "NUB-2590, HUTP-83/A003",
      SLACcitation   = "%%CITATION = NUPHA,B222,83;%%"
},
@article{MV2,
      author         = "Machacek, Marie E. and Vaughn, Michael T.",
      title          = "{Two Loop Renormalization Group Equations in a General
                        Quantum Field Theory. 2. Yukawa Couplings}",
      journal        = "Nucl. Phys.",
      volume         = "B236",
      year           = "1984",
      pages          = "221-232",
      doi            = "10.1016/0550-3213(84)90533-9",
      reportNumber   = "NUB 2611",
      SLACcitation   = "%%CITATION = NUPHA,B236,221;%%"
},
@article{MV3,
      author         = "Machacek, Marie E. and Vaughn, Michael T.",
      title          = "{Two Loop Renormalization Group Equations in a General
                        Quantum Field Theory. 3. Scalar Quartic Couplings}",
      journal        = "Nucl. Phys.",
      volume         = "B249",
      year           = "1985",
      pages          = "70-92",
      doi            = "10.1016/0550-3213(85)90040-9",
      reportNumber   = "NUB-2653-REV, NUB-2653",
      SLACcitation   = "%%CITATION = NUPHA,B249,70;%%"
},
@article{LuoWangXiao,
      author         = "Luo, Ming-xing and Wang, Hua-wen and Xiao, Yong",
      title          = "{Two loop renormalization group equations in general
                        gauge field theories}",
      journal        = "Phys. Rev.",
      volume         = "D67",
      year           = "2003",
      pages          = "065019",
      doi            = "10.1103/PhysRevD.67.065019",
      eprint         = "hep-ph/0211440",
      archivePrefix  = "arXiv",
      primaryClass   = "hep-ph",
      SLACcitation   = "%%CITATION = HEP-PH/0211440;%%"
},
@article{Decoding,
      author         = "MÃ¸lgaard, Esben",
      title          = "{Decrypting gauge-Yukawa cookbooks}",
      journal        = "Eur. Phys. J. Plus",
      volume         = "129",
      year           = "2014",
      pages          = "159",
      doi            = "10.1140/epjp/i2014-14159-2",
      eprint         = "1404.5550",
      archivePrefix  = "arXiv",
      primaryClass   = "hep-th",
      reportNumber   = "CP3-ORIGINS-2014-15-&-DIAS-2014-15",
      SLACcitation   = "%%CITATION = ARXIV:1404.5550;%%"
},
@article{OsbornJack,
      author         = "Jack, I. and Osborn, H.",
      title          = "{Two Loop Background Field Calculations for Arbitrary
                        Background Fields}",
      journal        = "Nucl. Phys.",
      volume         = "B207",
      year           = "1982",
      pages          = "474-504",
      doi            = "10.1016/0550-3213(82)90212-7",
      reportNumber   = "DAMTP 82/10",
      SLACcitation   = "%%CITATION = NUPHA,B207,474;%%"
},
@article{OsbornJack2,
      author         = "Jack, I. and Osborn, H.",
      title          = "{General Two Loop Beta Functions for Gauge Theories With
                        Arbitrary Scalar Fields}",
      journal        = "J. Phys.",
      volume         = "A16",
      year           = "1983",
      pages          = "1101",
      doi            = "10.1088/0305-4470/16/5/026",
      reportNumber   = "DAMTP 82/26",
      SLACcitation   = "%%CITATION = JPAGA,A16,1101;%%"
},
@article{OsbornJack3,
      author         = "Jack, I. and Osborn, H.",
      title          = "{General Background Field Calculations With Fermion
                        Fields}",
      journal        = "Nucl. Phys.",
      volume         = "B249",
      year           = "1985",
      pages          = "472-506",
      doi            = "10.1016/0550-3213(85)90088-4",
      reportNumber   = "DAMTP-84-2",
      SLACcitation   = "%%CITATION = NUPHA,B249,472;%%"
}



